<record><leader>02862nam a2200385 i 4500</leader><controlfield tag="001">6812759</controlfield><controlfield tag="003">FlBoTFG</controlfield><controlfield tag="005">20150218112339.0</controlfield><controlfield tag="006">m|||||o||d||||||||</controlfield><controlfield tag="007">cr||||</controlfield><controlfield tag="008">150218t20152015fluad   ob    001 0 eng d</controlfield><datafield ind1=" " ind2=" " tag="020"><subfield code="a">9781466591165 (e-book : PDF)</subfield></datafield><datafield ind1=" " ind2=" " tag="035"><subfield code="a">ocn899739217</subfield></datafield><datafield ind1=" " ind2=" " tag="039"><subfield code="a">exclude</subfield></datafield><datafield ind1=" " ind2=" " tag="040"><subfield code="a">FlBoTFG</subfield><subfield code="b">eng</subfield><subfield code="c">FlBoTFG</subfield><subfield code="e">rda</subfield><subfield code="d">AEU</subfield></datafield><datafield ind1=" " ind2="4" tag="050"><subfield code="a">QA76.585</subfield><subfield code="b">.C56 2015</subfield></datafield><datafield ind1=" " ind2=" " tag="090"><subfield code="a">Internet Access</subfield><subfield code="b">AEU</subfield></datafield><datafield ind1="0" ind2="0" tag="245"><subfield code="a">Cloud computing with e-science applications /</subfield><subfield code="c">edited by Olivier Terzo, ISMB, Turin, Italy, Lorenzo Mossucca, ISMB, Turin, Italy.</subfield></datafield><datafield ind1=" " ind2="1" tag="264"><subfield code="a">Boca Raton :</subfield><subfield code="b">CRC Press,</subfield><subfield code="c">[2015]</subfield></datafield><datafield ind1=" " ind2="4" tag="264"><subfield code="c">&#169;2015</subfield></datafield><datafield ind1=" " ind2=" " tag="300"><subfield code="a">1 online resource.</subfield></datafield><datafield ind1=" " ind2=" " tag="336"><subfield code="a">text</subfield><subfield code="b">txt</subfield><subfield code="2">rdacontent</subfield></datafield><datafield ind1=" " ind2=" " tag="337"><subfield code="a">computer</subfield><subfield code="b">c</subfield><subfield code="2">rdamedia</subfield></datafield><datafield ind1=" " ind2=" " tag="338"><subfield code="a">online resource</subfield><subfield code="b">cr</subfield><subfield code="2">rdacarrier</subfield></datafield><datafield ind1=" " ind2=" " tag="504"><subfield code="a">Includes bibliographical references and index.</subfield></datafield><datafield ind1="0" ind2=" " tag="505"><subfield code="a">Evaluation criteria to run scientific applications in the cloud / Eduardo Roloff, Alexandre da Silva Carissimi, and Philippe Olivier Alexandre Navaux -- Cloud-based infrastructure for data-intensive e-science applications : requirements and architecture / Yuri Demchenko [and four others] -- Securing cloud data / Sushmita Ruj and Rajat Saxena -- Adaptive execution of scientific workflow applications on clouds / Rodrigo N. Calheiros [and nine others] -- Migrating e-science applications to the cloud : methodology and evaluation / Steve Strauch, Vasilios Andrikopoulos, Dimka Karastoyanova, and Karolina Vukojevic-Haupt -- Closing the gap between cloud providers and scientific users / David Susa, Harold Castro, and Mario Villamizar -- Assembling cloud-based geographic information systems : a pragmatic approach using off-the-shelf components / Muhammad Akmal, Ian Allison, and Horacio Gonz&#225;lez-V&#233;lez -- HCloud, a healthcare-oriented cloud system with improved efficiency in biomedical data processing / Ye Li [and four others] -- RPig : concise programming framework by integrating R with Pig for big data analytics / MingXue Wang and Sidath B. Handurukande -- AutoDock Gateway for Molecular Docking Simulations in Cloud Systems / Zolt&#225;n Farkas [and six others] -- SaaS clouds supporting biology and medicine / Philip Church, Andrzej Goscinski, Adam Wong, and Zahir Tari -- Energy-aware policies in ubiquitous computing facilities / Marina Zapater [and four others].</subfield></datafield><datafield ind1=" " ind2=" " tag="506"><subfield code="a">Access restricted to authorized users and institutions.</subfield></datafield><datafield ind1=" " ind2=" " tag="596"><subfield code="a">44</subfield></datafield><datafield ind1=" " ind2="0" tag="650"><subfield code="a">Cloud computing.</subfield></datafield><datafield ind1=" " ind2="7" tag="655"><subfield code="a">Electronic books.</subfield><subfield code="2">lcsh</subfield></datafield><datafield ind1="1" ind2=" " tag="700"><subfield code="a">Terzo, Olivier,</subfield><subfield code="e">editor.</subfield></datafield><datafield ind1="1" ind2=" " tag="700"><subfield code="a">Mossucca, Lorenzo,</subfield><subfield code="e">editor.</subfield></datafield><datafield ind1="4" ind2="0" tag="856"><subfield code="3">University of Alberta Access</subfield><subfield code="u">http://marc.crcnetbase.com/isbn/9781466591165</subfield><subfield code="z">(Unlimited Concurrent Users)</subfield></datafield><datafield ind1=" " ind2=" " tag="949"><subfield code="h">UAIN</subfield><subfield code="z">CRC</subfield></datafield><datafield ind1=" " ind2=" " tag="926"><subfield code="a">Internet Access</subfield><subfield code="w">LC</subfield><subfield code="c">1</subfield><subfield code="i">6812759-1001</subfield><subfield code="l">INTERNET</subfield><subfield code="m">UAINTERNET</subfield><subfield code="r">Y</subfield><subfield code="s">Y</subfield><subfield code="t">E-RESOURCE</subfield><subfield code="u">2/26/2015</subfield><subfield code="x">E-BOOK</subfield><subfield code="z">CRC</subfield></datafield></record>